@article{Broman2002,
author = {K. W. Broman and T. P. Speed},
year = {2002},
title = {A model selection approach
  for the identification of quantitative trait loci in experimental
  crosses},
journal = {J. R. Statist. Soc. B},
volume = {64},
pages = {641-656}
}

@article{Broman2003,
	Author = {Karl W Broman and Hao Wu and Saunak Sen and Gary A Churchill},
	Journal = {Bioinformatics},
	Number = {7},
	Pages = {889--890},
	Title = {R/qtl: {QTL} mapping in experimental crosses},
	Volume = {19},
	Year = {2003}}

@article{Churchill1994,
	Author = {G. A. Churchill and R. W. Doerge},
	Journal = {Genetics},
	Number = {3},
	Pages = {963--971},
	Title = {Empirical threshold values for quantitative trait mapping},
	Volume = {138},
	Year = {1994}}

@article{Dempster1977,
author = {A. P. Dempster and N. M. Laird and D. B. Rubin},
year = {1977},
title = {Maximum likelihood from incomplete data via the EM algorithm},
journal = {J. R. Statist. Soc. B},
volue = {39},
pages = {1--38}
}

@article{Haley1992,
	Author = {C. S. Haley and S. A. Knott},
	Journal = {Heredity},
	Number = {4},
	Pages = {315--324},
	Title = {A simple regression method for mapping quantitative trait loci in line crosses using flanking markers},
	Volume = {69},
	Year = {1992}}


@Article{Kahm2010,
    title = {{grofit}: Fitting Biological Growth Curves with {R}},
    author = {Matthias Kahm and Guido Hasenbrink and Hella
      Lichtenberg-Frat\'e and Jost Ludwig and Maik Kschischo},
    journal = {J. Statist. Softw.},
    year = {2010},
    volume = {33},
    number = {7},
    pages = {1--21},
    url = {http://www.jstatsoft.org/v33/i07/},
}

@article{knott2000,
author = {S. A. Knott and C. S. Haley},
year = {2000},
title = {Multitrait Least Squares for Quantitative Trait Loci Detection},
journal = {Genetics},
volume = {156},
pages = {899-911}
}

@article{Ma2002,
author = {Ma, C. and Casella, G. and Wu, R. L.},
year = {2002},
journal = {Genetics},
volume = {161},
pages = {1751-1762},
title = {Functional mapping of quantitative trait loci underlying the character process: A theoretical framework}}

@article{Manichaikul2009,
author = {Manichaikul, A. and Moon, J. Y. and Sen, S. and Yandell, B. S. and Broman,
  K. W.},
year = {2009},
journal = {Genetics},
volume = {181},
pages = {1077-1086},
title = {A model selection approach for the identification of
  quantitative trait loci in experimental crosses, allowing
  epistasis}}

@article{Min2011,
author = {Min, L. and Yang, R. and Wang, X. and Wang, B.},
year = {2011},
journal = {Heredity},
volume = {106},
pages = {124-133},
title = {Bayesian analysis for genetic architecture
of dynamic traits}}

@article{Sillanpaa2012,
author = {Sillanp\"a\"a, M. J. and P. Pikkuhookana and S. Abrahamsson and T. Knurr and
  A. Fries and E. Lerceteau and P. Waldmann and M. R. Garcia-Gil},
journal = {Heredity},
pages = {134--146},
title = {Simultaneous estimation of multiple quantitative trait loci and
 growth curve parameters through hierarchical Bayesian modeling},
volume = {108},
year = {2012}
}

@article{Xiong2011,
author = {Xiong, H. and Goulding, E. H. and Carlson, E. J. and Tecott, L. H. and
  McCulloch, C. E. and Sen, S.},
journal = {Genetics},
pages = {305-316},
title = {A flexible estimating equations
  approach for mapping function-valued traits},
volume = {189},
year = {2011}
}

@article{Yang2009,
author = {Yang, J. and Wu, R. L. and Casella, G.},
journal = {Biometrics},
pages = {30-39},
title = {Nonparametric functional mapping
of quantitative trait loci},
volume = {65},
year = {2009}
}

@article{Lander1989,
	Author = {E. S. Lander and D. Botstein},
	Journal = {Genetics},
	Number = {1},
	Pages = {185--199},
	Title = {Mapping {M}endelian factors underlying quantitative traits using {RFLP} linkage maps},
	Volume = {121},
	Year = {1989}}

@article{Yap2009,
	Author = {J. S. Yap and J. Fan and R. Wu},
	Journal = {Biometrics},
	Pages = {1068--1077},
	Title = {Nonparametric modeling of longitudinal covariance structure
in functional mapping of quantitative trait loci},
	Volume = {65},
	Year = {2009}}

@article{Moore2013,
Author = {Moore,  C. R. and Johnson, L. S. and Kwak, I.-Y. and Livny, M. and Broman, K. W. and Spalding, E. P.},
Year = {2013},
Title = {High-throughput computer vision introduces the time axis to a quantitative trait map of a plant growth response},
Journal = {Genetics},
Volume = {195},
Pages = {1077--1086}}

@article{Zeng2000,
Author = {Z. B. Zeng and J. J. Liu and L. F. Stam and C. H. Kao and J. M. Mercer and C. C. Laurie},
Year = {2000},
Title = {Genetic architecture of a morphological shape difference between two {D}rosophila species},
Journal = {Genetics},
Volume = {154},
Pages = {299--310}}

@Manual{R,
  title = {R: A Language and Environment for Statistical Computing},
  author = {{R Core Team}},
  organization = {R Foundation for Statistical Computing},
  address = {Vienna, Austria},
  year = {2013}
}

@article{Kendziorski2002,
  title={Mapping baroreceptor function to genome: a mathematical modeling approach},
  author={Kendziorski, C. M. and Cowley, A. W.  and Greene, A. S. and Salgado, H. C. and Jacob, H. J. and Tonellato, P. J.},
  journal={Genetics},
  volume={160},
  pages={1687--1695},
  year={2002},
}